@ARTICLE{2021MNRASDavidClerisDustywave,
       author = {{David-Cl{\'e}ris}, Timoth{\'e}e and {Laibe}, Guillaume},
        title = "{Large dust fractions can prevent the propagation of soundwaves}",
      journal = {\mnras},
     keywords = {dust, extinction, methods: analytical, protoplanetary discs, Astrophysics - Solar and Stellar Astrophysics, Astrophysics - Instrumentation and Methods for Astrophysics, Physics - Fluid Dynamics},
         year = 2021,
        month = jun,
       volume = {504},
       number = {2},
        pages = {2889-2894},
          doi = {10.1093/mnras/stab931},
archivePrefix = {arXiv},
       eprint = {2104.13787},
 primaryClass = {astro-ph.SR},
       adsurl = {https://ui.adsabs.harvard.edu/abs/2021MNRAS.504.2889D},
      adsnote = {Provided by the SAO/NASA Astrophysics Data System}
}


